@ONLINE {angular,
    author = "Google",
    title  = "Angular JS",
    year   = "2015",
    url    = "https://angularjs.org/"
}
@INCOLLECTION {ferri2003volume,
    author    = "Ferri, C{\'e}sar and Hern{\'a}ndez-Orallo, Jos{\'e} and Salido, Miguel Angel",
    title     = "Volume under the ROC surface for multi-class problems",
    booktitle = "Machine Learning: ECML 2003",
    publisher = "Springer",
    year      = "2003",
    pages     = "108--120"
}
@ARTICLE {ghassemi2014data,
    author    = "Ghassemi, Mohammad M and Richter, Stefan E and Eche, Ifeoma M and Chen, Tszyi W and Danziger, John and Celi, Leo A",
    title     = "A data-driven approach to optimized medication dosing: a focus on heparin",
    journal   = "Intensive care medicine",
    year      = "2014",
    volume    = "40",
    number    = "9",
    pages     = "1332--1339",
    publisher = "Springer"
}
@ARTICLE {MIMICII,
    author       = "Saeed, Mohammed and Villarroel, Mauricio and Reisner, Andrew T. and Clifford, Gari and Lehman, Li-Wei and Moody, George and Heldt, Thomas and Kyaw, Tin H. and Moody, Benjamin and Mark, Roger G.",
    title        = "Multiparameter Intelligent Monitoring in Intensive Care II (mimic-ii): A public-access intensive care unit database",
    journal      = "Critical Care Medicine",
    year         = "2011",
    volume       = "39",
    pages        = "952-960",
    month        = "May",
    howpublished = "\url{http://www.ncbi.nlm.nih.gov/pmc/articles/PMC3124312/}"
}
@ONLINE {universityofwashingtonpharmacyservices2014,
    author = "University of Washington Pharmacy Services",
    title  = "Heparin Infusion Guidelines",
    year   = "2014",
    url    = "https://depts.washington.edu/anticoag/home/content/heparin-infusion-guidelines"
}
@ONLINE {phd2014,
    author = "Reka G Szigeti, MD, PhD",
    title  = "Anti-Xa Assay",
    month  = "dec",
    year   = "2014",
    url    = "http://emedicine.medscape.com/article/2085000-overview"
}
@ONLINE {AUCStack,
    author = "Franck Dernoncourt",
    title  = "What does AUC stand for and what is it?",
    month  = "jan",
    year   = "2015",
    url    = "https://stats.stackexchange.com/questions/132777/what-does-auc-stand-for-and-what-is-it"
}
@ONLINE {UWHEP,
    author = "Lisa Gryttenholm, Dan Hendrickson, et al.",
    title  = "Guidelines for the Therapeutic Dosing of Heparin",
    month  = "jan",
    year   = "2004",
    url    = "http://www.uwhealth.org/files/uwhealth/docs/pdf2/Heparin_Infusion_Guideline.pdf"
}
@ONLINE {d3,
    author = "Mike Bostock",
    title  = "D3 JS",
    year   = "2015",
    url    = "http://d3js.org/"
}
@ONLINE {NVD3Angular,
    author = "Konstantin Skipor",
    title  = "Angular-NVD3",
    year   = "2015",
    url    = "https://krispo.github.io/angular-nvd3/#/"
}
@ONLINE {nvd3,
    author = "Novus Partners",
    title  = "NVD3",
    year   = "2015",
    url    = "http://nvd3.org/"
}
@ONLINE {scipy,
    author = "Eric Jones and Travis Oliphant and Pearu Peterson and others",
    title  = "{SciPy}: Open source scientific tools for {Python}",
    year   = "2001",
    url    = "https://www.scipy.org/"
}
@ARTICLE {scikit-learn,
    author  = "Pedregosa, F. and Varoquaux, G. and Gramfort, A. and Michel, V.         and Thirion, B. and Grisel, O. and Blondel, M. and Prettenhofer, P.         and Weiss, R. and Dubourg, V. and Vanderplas, J. and Passos, A. and         Cournapeau, D. and Brucher, M. and Perrot, M. and Duchesnay, E.",
    title   = "Scikit-learn: Machine Learning in {P}ython",
    journal = "Journal of Machine Learning Research",
    year    = "2011",
    volume  = "12",
    pages   = "2825--2830"
}
@ONLINE {Brents,
    author = "Eric Jones and Travis Oliphant and Pearu Peterson and others",
    title  = "Scipy Documentation",
    year   = "2015",
    url    = "https://docs.scipy.org/doc/scipy-0.15.1/reference/generated/scipy.optimize.minimize_scalar.html"
}
@ONLINE {bootstrap,
    author = "Twitter",
    title  = "Bootstrap 3.0",
    year   = "2015",
    url    = "http://getbootstrap.com/"
}
@ONLINE {flask,
    author = "Armin Ronacher",
    title  = "Flask: A Python Microwebframework",
    url    = "http://flask.pocoo.org/"
}
@MISC {pgsql,
    author       = "{P}ostgre{SQL} {G}lobal {D}evelopment {G}roup",
    title        = "Postgre{SQL}",
    howpublished = "\url{http://www.postgresql.org}",
    year         = "2008"
}
@ONLINE {sqlalchemy,
    author = "Michael Bayer",
    title  = "SQLAlchemy",
    year   = "2015",
    url    = "http://www.sqlalchemy.org/"
}